% Encoding: UTF-8

@Book{Helfrich2001,
  author    = {Helfrich, Silke},
  title     = {{G}{\'e}nero, feminismo y masculinidad en {A}m{\'e}rica {L}atina},
  year      = {2001},
  publisher = {{E}diciones {H}einrich {B}{\"o}ll},
  location  = {El Salvador},
  file      = {:D\:\\Stringdom\\Mega\\Tesis\\bibliografía\\Helfrich 2001-Género, feminismo y masculinidad en América Latina-Helfrich.pdf:PDF},
  timestamp = {2017.03.05},
}

@Article{MejiaTurizo2010-06,
  author       = {Mej{í}a Turizo, Jorge and Almanza Iglesia, Maury},
  title        = {{C}omunidad {LGBT}},
  journaltitle = {{R}evista {J}usticia},
  year         = {2010},
  date         = {2010-06},
  subtitle     = {Historia y reconocimientos jurídicos},
  number       = {17},
  pages        = {78--110},
  file         = {:bibliografía\\Mejía Turizo 2010-Comunidad LGBT.pdf:PDF},
  timestamp    = {2016.06.10},
}

@Book{Bleichmar2006,
  author    = {Silvia Bleichmar},
  title     = {Paradojas de la sexualidad masculina},
  year      = {2006},
  date      = {2006},
  publisher = {Paidós},
  location  = {Buenos Aires},
  file      = {:bibliografía\\Bleichmar 2006 - Raradojas de la sexualidad masculina - cap 4.pdf:PDF},
}

@Article{Delgado2014,
  author  = {Delgado, Luis and Madriz, Rebeca},
  title   = {Colonialidad del poder, patriarcado y heteronormatividad en América Latina},
  journal = {Revista venezolana de estudios de la mujer},
  year    = {2014},
  date    = {2014},
  volume  = {19},
  number  = {42},
  pages   = {95-110},
  file    = {:bibliografía\\Delgado2014-Colonialidad del poder, patriarcado y heteronormatividad en america latina.pdf:PDF},
}

@InCollection{Figari2010,
  author    = {Carlos Figari},
  title     = {{E}l movimiento {LGBT} en am{\'{e}}rica latina},
  booktitle = {Movilizaciones, protestas e identidades políticas en la Argentina del bicentenario},
  year      = {2010},
  date      = {2010},
  editor    = {Astor Massetti and Ernesto Villanueva and Marcelo Gómez},
  subtitle  = {Institucionalizaciones oblicuas},
  publisher = {{N}ueva {T}rilce},
  location  = {Argentina},
  file      = {:bibliografía\\Figari 2010-LGBT en america latina.pdf:PDF},
  timestamp = {2016.06.11},
}

@Online{Lamas1999,
  author  = {Lamas, M.},
  title   = {Usos, dificultades y posibilidades de la categoría género.},
  year    = {1999},
  url     = {http://www.udg.mx/laventana/libr1/lamas.html},
  urldate = {2017-03-05},
  file    = {:bibliografía\\Lamas 1999 - Categoría género.pdf:PDF},
}

@Book{Strauss2002,
  author        = {Strauss, Anselm and Corbin, Juliet},
  title         = {Bases de la investigación cualitativa},
  year          = {2002},
  date          = {2002},
  publisher     = {Sage},
  location      = {Colombia},
  __markedentry = {[Stringdom:]},
  file          = {:bibliografía\\Strauss corbin Investigación cualitativa.pdf:PDF},
}

@BookInBook{Guba2002,
  author    = {Guba, Egon and Lincoln, Y. S.},
  title     = {{P}aradigmas en competencia en la investigaci{\'o}n cualitativa},
  booktitle = {Por los rincones. Antología de métodos cualitativos en la investigación social.},
  year      = {2002},
  date      = {2002},
  editor    = {Denman, C and Haro, J.A.},
  publisher = {Colegio de Sonora},
  location  = {Sonora},
  pages     = {113-145},
  file      = {:bibliografía\\Guba_y_Lincoln 2002 paradigmas.pdf:PDF;:bibliografía\\Guba y Lincoln 1994 Paradigmas en competencia dentro de la investigacion cualitativa.pdf:PDF},
  timestamp = {2016.11.17},
}

@Book{MartinezMiguelez2006,
  author    = {Martínez Miguélez, Miguel},
  title     = {{C}iencia y arte en la metodología cualitativa},
  year      = {2006},
  date      = {2006},
  edition   = {2ª},
  publisher = {{T}rillas},
  location  = {México},
  comment   = {En fisico.},
  owner     = {Stringdom},
  timestamp = {2016.07.04},
}

@Article{Iniguez1995,
  author       = {Iñiguez, Lupicino},
  title        = {Métodos cualitativos en Psicología Social},
  journal      = {Revista de Psicología Social Aplicada},
  journaltitle = {Revista de Psicología Social Aplicada},
  year         = {1995},
  date         = {1995},
  volume       = {5},
  number       = {1/2},
  pages        = {57-82},
  file         = {:bibliografía\\Iniguez 1995 Metodos cualitativos.pdf:PDF},
}

@Book{Hernandez2014,
  author    = {Hernández, Roberto and Fernández, Carlos and Baptista, María del Pilar},
  title     = {Metodología de la investigación},
  year      = {2014},
  date      = {2014},
  edition   = {6ª},
  publisher = {McGraw Hill Education},
  location  = {México},
  file      = {:bibliografía\\Hern Fern Bapt 2014 - Metodología de la Investigación 6ta.pdf:PDF},
}

@Article{MartinezCarazo2006,
  author       = {Martínez Carazo, Piedad},
  title        = {El método de estudio de caso},
  journal      = {Pensamiento \& Gestión},
  journaltitle = {Pensamiento \& Gestión},
  year         = {2006},
  date         = {2006-07},
  subtitle     = {Estrategia metodológica de la investigación científica},
  number       = {20},
  pages        = {165-193},
  file         = {:bibliografía\\Martínez Carazo 2006 - Estudio de Caso.pdf:PDF},
}

@Article{Ceballos-Herrera2009,
  author       = {Ceballos-Herrera, Froylán},
  title        = {El informe de investigación con estudio de casos},
  journal      = {Magis},
  journaltitle = {Revista Internacional de Investigación en Educación},
  year         = {2009},
  date         = {2009-06},
  volume       = {1},
  number       = {2},
  pages        = {413-423},
  file         = {:bibliografía\\Ceballos 2009 Informe en estudio de casos.pdf:PDF},
}

@Article{Jimenez2016,
  author       = {Jiménez, Viviana and Comet, Cornelio},
  title        = {Los studios de casos como enfoque metodológico},
  journal      = {Academo},
  journaltitle = {Revista de Investigación en Ciencias Sociales y Humanidades},
  year         = {2016},
  date         = {2016-12},
  volume       = {3},
  number       = {2},
  file         = {:bibliografía\\Jimenez Comet 2016 LosEstudiosDeCasosComoEnfoqueMetodologico-5757749.pdf:PDF},
}

@Article{GonzalezAvila2002,
  author  = {González Ávila, Manuel},
  title   = {Aspectos éticos de la investigación cualitativa},
  journal = {Revista Iberoamericana de educación},
  year    = {2002},
  date    = {2002},
  number  = {29},
  pages   = {85-103},
  url     = {http://www.rieoei.org/rie29a04.PDF},
  file    = {:bibliografía\\Gonzalez 2002 - Aspectos éticos.pdf:PDF},
}

@Article{ChavarriaSolano2001,
  author       = {Chavarría, Édgar},
  title        = {Aspectos éticos relevantes para la investigación},
  journal      = {InterSedes},
  journaltitle = {Revista de las Sedes Regionales},
  year         = {2001},
  date         = {2001},
  subtitle     = {Retos para el enfoque cualitativo},
  volume       = {2},
  number       = {2-3},
  pages        = {31-41},
  url          = {http://www.redalyc.org/articulo.oa?id=66620304},
  file         = {:bibliografía\\Chavarria 2001 - aspectos éticos.pdf:PDF},
}

@Book{Yin2011,
  author    = {Yin, Robert K.},
  title     = {Qualitative Research from Start to Finish},
  year      = {2011},
  date      = {2011},
  publisher = {The Guilford Press},
  location  = {Nueva York},
  file      = {:bibliografía\\Yin 2011 Qualitative research.pdf:PDF},
}

@Book{Yin1994,
  author    = {Yin, Robert},
  title     = {Investigación sobre estudio de casos: Diseño y métodos.},
  year      = {1994},
  date      = {1994},
  edition   = {2ª},
  publisher = {SAGE},
  location  = {Thousand Oaks, California},
  file      = {:bibliografía\\Yin 1994 Case study research.pdf:PDF;:bibliografía\\YIN ROBERT 1994 Case study.pdf:PDF},
}

@Book{SanchezVasquez1984,
  author    = {Sánchez Vásquez, A.},
  title     = {Ética},
  year      = {1984},
  date      = {1984},
  publisher = {Editorial Crítica},
  location  = {Barcelona},
}

@Misc{Leypsicologia1978,
  title        = {Ley de ejercicio de la psicología},
  year         = {1978},
  date         = {1978-09-11},
  howpublished = {Publicada en la Gaceta Oficial de la República de Venezuela No. 2.306},
  location     = {Caracas},
}

@InBook{FuentesMora2006,
  author    = {Fuentes Mora, Sara María},
  title     = {La ética profesional frente a la ética general},
  booktitle = {Lecturas para la convivencia global en el siglo XXI},
  year      = {2006},
  date      = {2006},
  publisher = {Editorial Thomson},
  location  = {México},
}

@Online{ASGDR2014-05,
  author    = {{Alianza Sexo-Género Diversa Revolucionaria}},
  editor    = {ASGDRe},
  title     = {{N}o queremos que cierren el {C}entro {B}elinda {Á}lvarez},
  year      = {2014},
  date      = {2014-05},
  url       = {http://asgdre.blogspot.com/2014/05/no-queremos-que-cierren-el-centro.html},
  subtitle  = {¡Queremos que abran mil más!},
  urldate   = {2016-06-09},
  timestamp = {2016.06.09},
}

@Online{Alonso2015,
  author  = {Alonso, A.},
  title   = {La psicología del transgénero.},
  year    = {2015},
  date    = {2015},
  url     = {https://www.psyciencia.com/la-psicologia-del-transgenero/},
  urldate = {2018-02-09},
}

@Article{Almudena2007,
  author    = {Almudena, H.},
  title     = {Sexo, Género y Poder},
  journal   = {Complutum},
  year      = {2007},
  date      = {2007},
  subtitle  = {Breve reflexión sobre algunos conceptos manejados en la arqueología del género.},
  volume    = {18},
  pages     = {167-174},
  booktitle = {Bre},
}

@Book{APA2016,
  author    = {{American Psychiatric Association and others}},
  title     = {{D}iagnostic and {S}tatistical {M}anual of {M}ental {D}isorders ({DSM}-5{\textregistered})},
  year      = {2016},
  date      = {2016},
  publisher = {{A}merican {P}sychiatric {P}ub},
  location  = {Washington},
  file      = {:C\:\\Users\\Stringdom\\Documents\\Psicología Social\\literature_repository\\DSM-5.pdf:PDF},
  timestamp = {2017.03.05},
}

@Online{Association2011,
  author  = {{American Psychological Association}},
  editor  = {APA},
  title   = {Respuestas a sus preguntas sobre las personas trans, la identidad de género y la expresión de género},
  year    = {2011},
  date    = {2011},
  url     = {https://www.apa.org/topics/lgbt/brochure-personas-trans.pdf},
  urldate = {2018-02-02},
}

@Online{Anton2001,
  author  = {Antón, E.},
  title   = {La socialización de género a través de la programación infantil de televisión.},
  year    = {2001},
  date    = {2001},
  url     = {http://www5.uva.es/catedraestudiosgenero/IMG/pdf/televisionpatriarcal-2.pdf},
  urldate = {2017-07-20},
}

@WWW{ACDV,
  author    = {{Asociación Civil Divas de Venezuela}},
  title     = {A.C. {D}ivas de {V}enezuela y {M}isión {N}egra {H}ipólita},
  url       = {https://divasdevenezuela.wordpress.com/a-c-divas-de-venezuela-y-mision-negra-hipolita/},
  urldate   = {2016-06-09},
  timestamp = {2016.06.09},
}

@Article{Barrera2013,
  author  = {Barrera, D.},
  title   = {El concepto de la Cultura: definiciones, debates y usos sociales},
  journal = {Revista de Claseshistoria},
  year    = {2013},
  date    = {2013},
  volume  = {5},
  number  = {10},
  pages   = {2-24},
}

@Book{Benjamin1986,
  author    = {Benjamín, H.},
  title     = {The Transsexual Phenomenon},
  year      = {1986},
  date      = {1986},
  publisher = {Julian Press},
  location  = {Nueva York},
}

@Book{Benjamin1996,
  author    = {Benjamín, J.},
  title     = {Los lazos del amor. Psicoanálisis, feminismo y el problema de la dominación.},
  year      = {1996},
  date      = {1996},
  publisher = {Paidós},
  location  = {Buenos Aires},
}

@Book{Berger2003,
  author    = {Berger, Peter L and Luckmann, Thomas},
  title     = {La construcción social de la realidad},
  year      = {2003},
  publisher = {Amorrortu Editores},
  location  = {Buenos Aires},
  file      = {:C\:\\Users\\Stringdom\\Documents\\Psicología Social\\literature_repository\\Berger social-construction-of-reality.pdf:PDF},
  timestamp = {2017.03.05},
}

@Article{BergeroMiguel2008,
  author    = {Bergero Miguel, Trinidad and Asiain Vierge, Susana and Gorneman Schaffer, Isolde and Giraldo Ansio, Francisco and Lara Montenegro, Jos{\'e} and Esteva de Antonio, Isabel and G{\'o}mez Banovio, Marina},
  title     = {{U}na reflexi{\'o}n sobre el concepto de g{\'e}nero alrededor de la transexualidad},
  journal   = {Revista de la asociaci{\'o}n espa{\~n}ola de neuropsiquiatr{\'\i}a},
  year      = {2008},
  volume    = {28},
  number    = {1},
  pages     = {212--225},
  file      = {:C\:\\Users\\Stringdom\\Dropbox\\Psicología Social\\Tesis\\género y transex.pdf:PDF},
  publisher = {{S}ci{ELO} {E}spaña},
}

@Article{Blanchard2000,
  author  = {Blanchard, R. and Fedoroff, J.},
  title   = {The Case for and Against Publicly Funded Transexual Surgery},
  journal = {Psychiatry Rounds},
  year    = {2000},
  date    = {2000},
  volume  = {4},
  number  = {2},
}

@Thesis{Bolivar2014,
  author      = {Bolívar, H. and Arrizure, A.},
  title       = {La discriminación que vive la comunidad LGBT (Lesbianas, Gays, Bisexuales y Transgéneros) de la parroquia Sucre, municipio Sucre del estado Aragua.},
  institution = {Universidad de Carabobo},
  year        = {2014},
  date        = {2014},
  titleaddon  = {Trabajo especial de grado para optar al título de licenciado en educación, Tutor: Miguel Pineda},
  location    = {Nauganagua},
  addendum    = {Naguanagua, Universidad de Carabobo},
  pubstate    = {Trabajo especial de grado para optar al título de licenciado en Educación},
}

@Book{Boltanski1975,
  author    = {Boltanski, L.},
  title     = {Los usos sociales del cuerpo},
  year      = {1975},
  date      = {1975},
  publisher = {Periferia},
  location  = {Buenos Aires},
}

@Online{Borraz2017,
  author  = {Borraz, M.},
  title   = {La OMS dejará de considerar la transexualidad un trastorno, pero pasará a llamarla “incongruencia de género”.},
  year    = {2017},
  date    = {2017-01-31},
  url     = {http://www.eldiario.es/sociedad/OMS-considerar-transexualidad-trastorno-condicion_0_ 607189929.html},
  urldate = {2017-03-15},
}

@Book{Botello2005,
  author    = {Botello, L.},
  title     = {Identidad, Masculinidad y Violencia de Género},
  year      = {2005},
  date      = {2005},
  publisher = {Universidad Complutense},
  location  = {Madrid},
}

@Book{Bourdieu1992,
  author    = {Pierre Bourdieu},
  title     = {{T}he logic of practice},
  date      = {1992},
  publisher = {{S}tanford {U}niversity {P}ress},
  location  = {California},
  file      = {:C\:\\Users\\Stringdom\\Documents\\Psicología Social\\literature_repository\\Bourdieu, the logic of practice, 1990.pdf:PDF},
  owner     = {Stringdom},
  timestamp = {2015.05.27},
}

@Book{Bourdieu2000a,
  author    = {Pierre Bourdieu},
  title     = {La dominación masculina},
  year      = {2000},
  date      = {2000},
  publisher = {Anagrama},
  location  = {Barcelona},
  file      = {:C\:\\Users\\Stringdom\\Documents\\Psicología Social\\literature_repository\\Bourdieu, the logic of practice, 1990.pdf:PDF},
  owner     = {Stringdom},
  timestamp = {2015.05.27},
}

@Article{Brissom1973,
  author  = {Brissom, L.},
  title   = {Bisexualité et Médiation en Grèce Ancienne},
  journal = {Nouvelle Revue de Psychanalyse},
  year    = {1973},
  date    = {1973},
  volume  = {VII},
  pages   = {27-48},
}

@Book{Butler2001,
  author     = {Butler, Judith},
  title      = {{E}l género en disputa},
  year       = {2001},
  date       = {2001},
  translator = {Mosour, M{\'o}nica and Manr{\'\i}quez, Laura},
  publisher  = {{P}aidós},
  location   = {M{é}xico},
  file       = {:C\:\\Users\\Stringdom\\Dropbox\\Psicología Social\\Judith Butler\\[BUTLER, Judith] El genero en disputa.pdf:PDF},
  timestamp  = {2017.03.05},
}

@Book{Butler2010,
  author     = {Butler, Judith},
  title      = {{D}eshacer el g{é}nero},
  year       = {2010},
  date       = {2010},
  translator = {Soley-Beltran, Patricia},
  publisher  = {{P}aid{ó}s},
  location   = {Barcelona},
  file       = {:C\:\\Users\\Stringdom\\Dropbox\\Psicología Social\\Judith Butler\\[BUTLER, Judith] Deshacer el genero.pdf:PDF},
  timestamp  = {2016.05.16},
}

@InBook{Cohen2005,
  author    = {Cohen, C.},
  title     = {Punks, bulldaggers, and welfare queen: The radical potential of queer politics?},
  booktitle = {Black Queer Studies},
  year      = {2005},
  date      = {2005},
  editor    = {E. Patrick Johnson and Mae G. Henderson},
  publisher = {Duke UP},
  pages     = {24},
}

@Article{Coll-Planas2015,
  author          = {Coll-Planas, Gerard and Miquel Missé},
  title           = {"{M}e gustaría ser militar"},
  journaltitle    = {{P}risma social},
  year            = {2015},
  date            = {2015-05},
  subtitle        = {Reproducción de la masculinidad hegemónica en la patologización de la transexualidad},
  journalsubtitle = {Revista de ciencias sociales},
  number          = {13},
  pages           = {407-432},
  file            = {:C\:\\Users\\Stringdom\\Dropbox\\Psicología Social\\Planificacion III\\analisis\\ME GUSTAR�?A SER MILITAR REPRODUCCIÓN DE LA MASCULINIDAD HEGEMÓNICA EN LA PATOLOGIZACIÓN DE LA TRANSEXUALIDAD.pdf:PDF},
  timestamp       = {2016.07.04},
}

@Book{Cox1966,
  author    = {Cox, C.},
  title     = {The Enigma of the Age: The Strange Story of the Chevalier d’Eón},
  year      = {1966},
  date      = {1966},
  publisher = {Longmans},
  location  = {Londres},
}

@Thesis{Cubillan2012,
  author       = {Cubillán, F.},
  title        = {Cada uno es Hombre como se le antoja. La Escuela como Espacio para la Construcción del ser masculino},
  institution  = {Universidad Central de Venezuela},
  year         = {2012},
  date         = {2012},
  titleaddon   = {Tesis de maestría de psicología social},
  location     = {Caracas},
  addendum     = {Caracas, Universidad Central de Venezuela},
  howpublished = {Tesis de maestría de Psicología Social},
}

@Online{DeMiguel,
  author    = {De Miguel, Ana},
  editor    = {Mujeres en red},
  title     = {{L}os feminismo a través de la historia},
  url       = {http://www.mujeresenred.net/historia-feminismo1.html},
  urldate   = {2016-06-28},
  timestamp = {2016.07.11},
}

@Thesis{Diaz2010,
  author      = {Díaz, F. and Pérez, L.},
  title       = {Una mirada feminista y psicosocial hacia el cuerpo: desde la vivencia de la corporalidad de mujeres venezolanas.},
  institution = {Universidad Central de Venezuela},
  year        = {2010},
  date        = {2010},
  titleaddon  = {Trabajo especial de grado para optar al título de licenciado en psicología. Tutor: Nadya Ramdjan},
  location    = {Caracas},
  addendum    = {Caracas, Universidad Central de Venezuela},
}

@Online{Dowshen-Atanda2014,
  author   = {Dowshen-Atanda, N.},
  title    = {Gente transgénero},
  year     = {2014},
  date     = {2014},
  url      = {https://kidshealth.org/HospitalSantJoandeDeu/es/teens/transgender-esp.html},
  urldate  = {2018-04-30},
  location = {Barcelona},
}

@Online{Duesing2002,
  author  = {Düsing, K.},
  title   = {La subjetividad en la filosofía clásica alemana de Kant a Hegel. Una panorámica a modo de programa},
  year    = {2002},
  date    = {2002},
  url     = {http://revistas.usal.es/index.php/0213-3563/article/viewFile/3718/3735},
  urldate = {2017-03-15},
}

@Book{Exner1998,
  author    = {Exner, J. E. and Sendín, C.},
  title     = {Manual de Interpretación del Rorschach},
  year      = {1998},
  date      = {1998},
  publisher = {Prismática},
  location  = {Madrid},
}

@Book{Exner2000,
  author    = {Exner, J.},
  title     = {Principios de interpretación del Rorschach},
  year      = {2000},
  date      = {2000},
  publisher = {Prismática},
  location  = {Madrid},
}

@Article{Fernandez2014a,
  author  = {Fernández, M. and Guerra, P. and Díaz, M. and {Grupo GIDSEEN}},
  title   = {La disforia de género en la infancia en la clasificación diagnósticas.},
  journal = {Cuadernos de medicina psicosomática y psiquiatria de enlace},
  year    = {2014},
  date    = {2014},
  number  = {110},
  pages   = {25-35},
}

@Article{Fonseca2009,
  author  = {Fonseca, C. and Quintero, M.},
  title   = {La Teoría Queer. La De-construcción de las sexualidades periféricas},
  journal = {Sociológica},
  year    = {2009},
  date    = {2009},
  volume  = {69},
  pages   = {43-60},
}

@Book{Franco2011,
  author    = {Franco, H.},
  title     = {Experiencias detrás de la transexualidad},
  year      = {2011},
  date      = {2011},
  publisher = {Paidós},
  location  = {Ciudad de México},
}

@Article{Gamb2008,
  author          = {Susana Gamba},
  title           = {{F}eminismo},
  journaltitle    = {{M}ujeres en red},
  date            = {2008},
  subtitle        = {Historia y corrientes},
  journalsubtitle = {El periódico feminista},
  url             = {http://www.mujeresenred.net/spip.php?article1397},
  urldate         = {2016-06-10},
  timestamp       = {2016.06.10},
}

@Book{Garcia2000,
  author    = {García, R.},
  title     = {La Desconstrucción de la Masculinidad como Construcción de la Democracia},
  year      = {2000},
  date      = {2000},
  publisher = {Universidad Autónoma Metropolitana},
  location  = {Ciudad de México},
}

@Thesis{Gerdel2012,
  author      = {Gerdel, J.},
  title       = {Construcción de estereotipos de género en los medios de comunicación social. Sistematización de experiencia de asignatura dictada en modalidad virtual para estudiantes de Comunicación Social},
  institution = {Universidad Central de Venezuela},
  year        = {2012},
  date        = {2012},
  titleaddon  = {Trabajo de grado para optar al título de licenciado en Educación. Tutor: Isabel Zerpa},
  addendum    = {Caracas, Universidad Central de Venezuela},
}

@Book{Giddents2000,
  author    = {Giddents, A.},
  title     = {Sociología, Manuales Ciencias Sociales},
  year      = {2000},
  date      = {2000},
  edition   = {3ª},
  publisher = {Alianza editorial},
  location  = {España},
}

@Book{Gonzalez2013,
  author    = {González, M. and Cabrera, C.},
  title     = {Actitudes hacia los roles sexuales y de género en niños, niñas y adolescentes.},
  year      = {2013},
  date      = {2013},
  publisher = {Plumilla educativa},
}

@Article{Gomez2007,
  author  = {Gómez, R. and Gonzalez, J.},
  title   = {El cuerpo joven y urbano: poderoso territorio de anclaje.},
  journal = {Revista Colombiana de Sociología},
  year    = {2007},
  date    = {2007},
  volume  = {29},
  pages   = {49-68},
  url     = {http://www.revistas.unal.edu.co/index.php/recs/article/viewFile/8012/8656},
  urldate = {2009-12-12},
}

@Book{Graille2001,
  author    = {Graille, P.},
  title     = {Les hermaphrodites aux XVIIe et XVIIIe siècles},
  year      = {2001},
  date      = {2001},
  publisher = {Les Belles Lettres},
  location  = {Paris},
}

@Book{Guardia2013,
  author    = {Guardia, Sara Beatriz},
  title     = {{H}istoria de las mujerers en américa latina},
  date      = {2013},
  publisher = {{C}entro de estudios {L}a mujer en la historia de américa latina},
  location  = {Perú},
  timestamp = {2016.06.10},
}

@Article{Hernandez2016,
  author   = {Hernández Montaño, A. and González Tovar, J.},
  title    = {Los roles y estereotipos de género en los comportamientos sexuales de jóvenes de Coahuila, México: aproximación desde la Teoría Fundamentada},
  journal  = {Ciencia Ergo Sum},
  year     = {2016},
  date     = {2016},
  volume   = {23},
  number   = {2},
  pages    = {112-120},
  location = {México},
}

@Book{Hothersall2004,
  author    = {Hothersall, D.},
  title     = {Diccionario de psicología},
  year      = {2004},
  date      = {2004},
  publisher = {Mc Graw Hill},
  location  = {México},
}

@Book{Huggins2005,
  author    = {Huggins, M.},
  title     = {Género, políticas públicas y promoción de la calidad de vida},
  year      = {2005},
  date      = {2005},
  publisher = {Instituto Latinoameticano de investigaciones sociales},
  location  = {Caracas},
}

@Book{Irigaray1977,
  author    = {Irigaray, L.},
  title     = {This sex which is not one.},
  year      = {1977},
  date      = {1977},
  publisher = {Cornell University Press},
  location  = {Nueva York},
}

@Book{Jerez2012,
  author    = {Jerez, D.},
  title     = {Personas Transgénero},
  year      = {2012},
  date      = {2012},
  publisher = {Talasa Ediciones},
  location  = {México},
}

@Book{Kottow2005,
  author    = {Kottow, M. and Bustos, R.},
  title     = {Antropología Médica. Cuerpo, Medicina y Enfermedad},
  year      = {2005},
  date      = {2005},
  publisher = {Mediterráneo},
  location  = {Chile},
}

@Book{Lagarde1997,
  author    = {Lagarde, M.},
  title     = {Claves feministas para el poderío y la autoafirmación de las mujeres},
  year      = {1997},
  date      = {1997},
  publisher = {Puntos de Encuentro},
  location  = {Managua, Nicaragua},
}

@Article{LassoBaez2014,
  author       = {Lasso Báez, Roberto Andrés},
  title        = {{T}ransexualidad y servicios de salud utilizados para transitar por los sexos-géneros},
  journaltitle = {{CES} {P}sicología},
  year         = {2014},
  date         = {2014-12},
  volume       = {7},
  number       = {2},
  pages        = {108-125},
  issn         = {2011-3080},
  abstract     = {Esta investigación tuvo como objetivo comprender las experiencias de la transexualidad en Bogotá con relación a los servicios de salud utilizados para transitar por los sexos-géneros. Para ello se utilizó como herramienta analítica el Análisis Crítico del Discurso, dentro del marco del método cualitativo y se contó con la participación de cuatro personas trans –dos hombres y dos mujeres– y cuatro profesionales de la salud mental –tres psicólogos y un psiquiatra–. Como técnica de recolección se hizo uso de entrevistas en profundidad. Como hallazgos visibles se destacan la relación tensa y en ocasiones conflictiva entre las personas trans y los servicios de salud, y el rol paradójico y estratégico de la patologización en Colombia.},
  file         = {:C\:\\Users\\Stringdom\\Dropbox\\Psicología Social\\Planificacion III\\analisis\\Transexualidad y servicios de salud utilizados para transitar por los sexos.pdf:PDF},
  timestamp    = {2016.07.04},
}

@Book{Lerner1990,
  author    = {Lerner, G.},
  title     = {La creación del patriarcado},
  year      = {1990},
  date      = {1990},
  publisher = {Editorial Critica.},
  location  = {España},
}

@Book{Lizardo2008,
  author    = {Lizardo, T.},
  title     = {La Construcción Social de Relaciones Sexistas: Aproximación Feminista a los Mecanismos de Discriminación hacia las Mujeres},
  year      = {2008},
  date      = {2008},
  publisher = {Universidad Central de Venezuela},
  location  = {Caracas},
}

@Article{Lorenci2013,
  author  = {Lorenci, M.},
  title   = {Repensando los orígenes de la disforia de género},
  journal = {Revista de Estudios de Juventud},
  year    = {2013},
  date    = {2013},
  volume  = {13},
  number  = {103},
  pages   = {35-50},
}

@Book{Lopez2015,
  author    = {López, T.},
  title     = {Roles de género. Perspectiva de género y desarrollo},
  year      = {2015},
  date      = {2015},
  publisher = {Ediciones Paradiso.},
  location  = {España},
}

@Article{Lopez1984,
  author  = {López, F.},
  title   = {La adquisición del rol y la identidad sexual: función de la familia.},
  journal = {Infancia y Aprendizaje.},
  year    = {1984},
  date    = {1984},
  volume  = {26},
  number  = {6},
  pages   = {65-75},
}

@Book{Lothstein1983,
  author    = {Lothstein, H.},
  title     = {Her Secret Story},
  year      = {1983},
  date      = {1983},
  publisher = {Gerald Howe},
  location  = {Londres},
}

@Thesis{Luckert1991,
  author      = {Luckert, K.},
  title       = {Egyptian Light and Hebrew Fire},
  type        = {phdthesis},
  institution = {Hare University of New York},
  year        = {1991},
  date        = {1991},
}

@Article{Lugo2001,
  author  = {Lugo, E.},
  title   = {Sexualidad Ambigua y Ambivalencia Clínica},
  journal = {Boletín del Consejo Académico de Ética en Medicina (CAEEM)},
  year    = {2001},
  date    = {2001},
  number  = {1},
  pages   = {95-107},
}

@Online{Mansilla1996,
  author  = {Mansilla, M.},
  title   = {La Socialización Diferenciada por Sexo},
  year    = {1996},
  date    = {1996},
  url     = {http://www.ifejant.org.pe/Aulavirtual/aulavirtual2},
  urldate = {2017-03-07},
}

@Article{MartinezGuzman2012,
  author  = {Martínez Guzmán, A.},
  title   = {Repensar la perspectiva psicosocial sobre el género: contribuciones y desafíos a partir de las identidades transgénero.},
  journal = {Psico-perspectivas},
  year    = {2012},
  date    = {2012},
  volume  = {11},
  number  = {2},
  pages   = {164-184},
}

@Article{MartinezHerrera2007,
  author  = {Martínez Herrera, M.},
  title   = {La construcción de la feminidad: la mujer como sujeto de la historia y como sujeto de deseo.},
  journal = {Actualidades en Psicología},
  year    = {2007},
  date    = {2007},
  volume  = {21},
  pages   = {79-95},
}

@Online{Montano2004,
  author       = {Montaño, I.},
  title        = {Belleza, imagen corporal y psicopatología},
  year         = {2004},
  date         = {2004},
  url          = {http://www.psiquiatria.com/},
  organization = {5to Congreso virtual de Psiquiatría Interpsiquis},
  urldate      = {2017-07-20},
}

@Article{Moreno2009,
  author  = {Moreno, M. and Ortiz, G.},
  title   = {Trastornos alimenticios y su relación con la imagen corporal y la autoestima en adolescentes},
  journal = {Terapia psicológica},
  year    = {2009},
  date    = {2009},
  volume  = {27},
  number  = {2},
  pages   = {181-190},
  url     = {http://www.scielo.cl/pdf/terpsicol/v27n2},
}

@Article{Negro2010,
  author  = {Negro, D.},
  title   = {Orientacion sexual, identidad y expresión de género en el sistema Interamericano},
  journal = {Agenda Internacional},
  year    = {2010},
  date    = {2010},
  volume  = {17},
  number  = {28},
  pages   = {153-175},
}

@Article{Noseda2012,
  author  = {Noseda, J.},
  title   = {Muchas formas de transexualidad: diferencias de ser mujer transexual y de ser mujer transgénero},
  journal = {Revista de Psicologia de la Universidad de Chile},
  year    = {2012},
  date    = {2012},
  volume  = {21},
  number  = {2},
  pages   = {7-30},
}

@Book{Sida2012,
  author    = {{ONU Sida}},
  title     = {Situación de derechos y acceso a los servicios de salud de presonas HSH, Bi, Gay y Trans. Diagnóstico de Situación y Orientaciones para la Atención.},
  year      = {2012},
  date      = {2012},
  publisher = {Ministerio del poder popular para la salud},
}

@Online{Gay2014,
  author  = {{Orbita Gay}},
  title   = {Misión Negra Hipólita cierra centro de atención para Trans},
  year    = {2014},
  date    = {2014-04-16},
  url     = {http://www.orbitagay.com/mision-negra-hipolita-cierra-centro-de-atencion-para-trans/},
  urldate = {2016-06-09},
}

@Article{Paramo2008,
  author  = {Paramo, P.},
  title   = {La construcción psicosocial de la identidad y del self},
  journal = {Revista Latinoamericana de Psicologia},
  year    = {2008},
  date    = {2008},
  volume  = {40},
  number  = {3},
  pages   = {539-550},
}

@Book{Patai1967,
  author    = {Patai, R.},
  title     = {The Hebrew Goddess},
  year      = {1967},
  date      = {1967},
  publisher = {Ktav Publishing House},
  location  = {Nueva York},
}

@Article{Person1974,
  author  = {Person, E. and Ovesey, L.},
  title   = {The Transexual Sindrome in Males. II Secondary Transsexualism},
  journal = {American Journal of Psychotherapy},
  year    = {1974},
  date    = {1974},
  volume  = {28},
  pages   = {7-21},
}

@Book{Prato2014,
  author    = {Prato, L.},
  title     = {Personas Transgénero o Transexual},
  year      = {2014},
  date      = {2014},
  publisher = {Cupsa Editorial},
  location  = {Barcelona},
}

@Online{Preciado,
  author  = {Preciado, P.},
  title   = {Queer: Historia de una palabra},
  year    = {2012},
  date    = {2012},
  url     = {http://paroledequeer.blogspot.com/2012/04/queer-historia-de-una-palabra-por.html},
  urldate = {2018-05-05},
}

@Article{Raich2004,
  author  = {Raich, R.},
  title   = {Una perspectiva desde la psicología de la salud de la imagen corporal. Versión Electrónica},
  journal = {Avances en Psicología Latinoamericana},
  year    = {2004},
  date    = {2004},
  volume  = {22},
  number  = {1},
  pages   = {15-27},
}

@Article{Rich1980,
  author  = {Rich, A.},
  title   = {Compulsory Heterosexuality and Lesbian Existence},
  journal = {Signs: Journal of Women in Culture and Society},
  year    = {1980},
  date    = {1980},
  pages   = {631-640},
}

@Online{Rojas2018,
  author  = {Rojas, E.},
  editor  = {Ultimas Noticias},
  title   = {Asesinaron a un transexual en El Recreo},
  year    = {2018},
  date    = {2018-03-03},
  url     = {http://www.ultimasnoticias.com.ve/noticias/sucesos/asesinaron-transexual-recreo/ },
  urldate = {2018-05-05},
}

@Online{Rubio2016,
  author  = {Rubio, J.},
  title   = {Transexualidad en niños, niñas y adolescentes},
  year    = {2016},
  date    = {2016},
  url     = {http://www.fundaciondaniela.org/gender/ },
  urldate = {2018-05-01},
}

@Book{Saez2006,
  author   = {Sáez, L.},
  title    = {Homosexualidad-Transexualidad y trabajo social: Herramientas para la reflexión},
  year     = {2006},
  date     = {2006},
  location = {México},
}

@Article{Salaberria2007,
  author  = {Salaberria, K. and Rodriguez, S. and Cruz, S.},
  title   = {Percepción de la imagen corporal.},
  journal = {Osasunaz},
  year    = {2007},
  date    = {2007},
  volume  = {8},
  pages   = {171-183},
}

@Article{Salin-Pascual2007,
  author  = {Salin-Pascual, R.},
  title   = {Aportaciones para las Personas Transexuales y el Entendimiento de la Relación Entre el Cuerpo y la Mente},
  journal = {Revista Mexicana de Neurociencias},
  year    = {2007},
  date    = {2007},
  volume  = {8},
  number  = {6},
  pages   = {575-585},
}

@Book{Salin-Pascual2008,
  author    = {Salin-Pascual, R.},
  title     = {Cuando el sexo de mi cerebro no corresponde al de mi cuerpo: el estudio psicológico y médico de la persona transexual},
  year      = {2008},
  date      = {2008},
  publisher = {Universidad Nacional autónoma de México},
  location  = {México},
}

@Article{Schilder1999,
  author  = {Schilder, P.},
  title   = {The Image and Appearance of the Human Body: Studies in the Constructive Energies of the Psyche},
  journal = {Psychology Press},
  year    = {1999},
  date    = {1999},
  volume  = {163},
}

@InBook{Scott1996,
  author    = {Scott, J.},
  title     = {El género: una categoría útil para el análisis histórico},
  booktitle = {El género: la construcción cultural de la diferencia sexual},
  year      = {1996},
  date      = {1996},
  editor    = {Lamas, M.},
  publisher = {PUEG},
  location  = {México},
}

@Article{Solana2013,
  author  = {Solana, M.},
  title   = {La teoría queer y las narrativas progresistas de identidad},
  journal = {La ventana},
  year    = {2013},
  date    = {2013},
  volume  = {37},
  pages   = {70-105},
}

@Book{Stoller1968,
  author    = {Stoller, R.},
  title     = {Sex and Gender.},
  year      = {1968},
  date      = {1968},
  publisher = {Science House},
  location  = {Nueva York},
}

@Article{Tellez2011,
  author  = {Téllez, A. and Verdú, A.},
  title   = {El significado de la masculinidad para el análisis social.},
  journal = {Nuevas Tendencias en Antropología},
  year    = {2011},
  date    = {2011},
  volume  = {2},
  pages   = {141-157},
}

@Book{Thompson1975,
  author    = {Thompson, L.},
  title     = {The skilled helper: A model of systematic helping and interpersonal relating},
  year      = {1975},
  date      = {1975},
  publisher = {Wadsworth Publishing Company},
  location  = {California},
}

@Article{Vargas2017,
  author  = {Vargas, É.},
  title   = {Bases de la diferenciación sexual y aspectos éticos de los estados intersexuales.},
  journal = {Reflexiones},
  year    = {2017},
  date    = {2017},
  volume  = {92},
  number  = {1},
  pages   = {141-157},
}

@Online{Velandia2018,
  author  = {Velandia, M.},
  title   = {Identidades sexuales móviles: El derecho a estar siendo o la posibilidad emocional, teórica y experiencial de comprender las masculinidades en las Minorías Sexuales.},
  year    = {2018},
  date    = {2018},
  url     = {http://www.bdigital.unal.edu.co/1539/15/14CAPI13.pdf},
  urldate = {2018-02-05},
}

@Periodical{Republica2018,
  editor = {{La República}},
  title  = {De un disparo en el rostro asesinan a transexual en Caracas},
  year   = {2018},
  date   = {2018-03-07},
  url    = {https://larepublica.pe/mundo/1207938-venezuela-de-un-disparo-en-el-rostro-asesinan-a-transexual-en-caracas},
}

@Article{Vendrell2009,
  author  = {Vendrell, J.},
  title   = {¿Corregir el Cuerpo o Cambiar el Sistema? La Transexualidad ante el Orden de Género.},
  journal = {Revista Sociológica},
  year    = {2009},
  date    = {2009},
  volume  = {24},
  number  = {69},
  pages   = {61-78},
}

@Book{Villegas2002,
  author    = {Villegas, P. and Rodríguez, E. and Ochoa, A.},
  title     = {Sexualidad},
  year      = {2002},
  date      = {2002},
  publisher = {Instituto Andaluz de la Mujer},
  location  = {Sevilla, España},
}

@Misc{PsicologosdeVenezuela1981,
  author       = {{Federación de Psicólogos de Venezuela}},
  title        = {Código de ética profesional del psicólogo},
  year         = {1981},
  date         = {1981-03-28},
  howpublished = {II Asamblea Nacional Ordinaria},
  location     = {Barquisimeto, Venezuela},
}

@InBook{Burin2003,
  author    = {Burín, M.},
  title     = {La construcción de la subjetividad masculina},
  booktitle = {¿Todos los hombres son iguales? Identidades masculinas y cambios sociales},
  year      = {2003},
  date      = {2003},
  publisher = {Paidós Ibérica},
  location  = {Madrid},
  pages     = {83-104},
}

@Article{Hernanrogvalde2010,
  author  = {Hernández, M. and Rodríguez, G. and García-Valdecasas, J.},
  title   = {Género y sexualidad: consideraciones contemporáneas a partir de una reflexión en torno a la transexualidad y los estados intersexuales.},
  journal = {Revista Asociación Española de Neuropsiquiatría},
  year    = {2010},
  date    = {2010},
  number  = {39},
  pages   = {105},
}

@Online{Suarez2018,
  author       = {Ronny Suárez},
  editor       = {El Tiempo},
  title        = {La nueva mirada de la OMS a la ‘incongruencia de género’},
  year         = {2018},
  date         = {2018-06-18},
  url          = {http://www.eltiempo.com/vida/salud/la-transexualidad-segun-la-clasificacion-internacional-de-enfermedades-232322},
  organization = {El Tiempro},
  urldate      = {2018-06-30},
}

@Online{Alvarado2016,
  author       = {Alvarado, Betsy},
  editor       = {Globovisión},
  title        = {Hijo transgénero de la cantante Karina cuenta su historia},
  year         = {2016},
  date         = {2016-08-24},
  url          = {http://globovision.com/article/hijo-transgenero-de-la-cantante-karina-cuenta-su-historia},
  organization = {Globovisión},
  urldate      = {2018-07-04},
}

@Periodical{Vistazo2017,
  editor  = {Vistazo},
  title   = {Karina, arrepentida exponer a su hijo transgénero},
  year    = {2017},
  date    = {2017-02-10},
  url     = {http://www.vistazo.com/seccion/gente/karina-arrepentida-exponer-su-hijo-transgenero},
  urldate = {2018-07-04},
}

@Article{MoyaMorales1984,
  author  = {Moya Morales, Miguel},
  title   = {Los roles sexuales},
  journal = {Gazeta de Antrogología},
  year    = {1984},
  date    = {1984-11},
  volume  = {3},
  number  = {8},
  pages   = {1-7},
  url     = {http://hdl.handle.net/10481/13800},
}

@Online{Castro2015,
  author       = {Castro, Nohelia},
  editor       = {People en Español},
  title        = {Caitlyn Jenner luce muy sensual en su primera aparición pública},
  year         = {2015},
  date         = {2015-06-11},
  url          = {http://peopleenespanol.com/article/caitlyn-jenner-luce-muy-sensual-en-su-primera-aparicion-publica-foto/},
  organization = {People},
  urldate      = {2018-07-04},
}

@Online{Alpuente2016,
  author  = {Alpuente, E.},
  editor  = {El Mundo},
  title   = {El 82\% de los transexuales ha sufrido alguna agresión en su vida},
  year    = {2016},
  date    = {2016},
  url     = {http://www.elmundo.es/sociedad/2016/05/17/573b0434ca474133648b45b5.html},
  urldate = {2018-07-04},
}

@Comment{jabref-meta: databaseType:biblatex;}
